@TechReport{Man12a.e,
sortkey={Man13a.e},
  author =       {Mandallaz, Daniel},
  title =        {Design-based properties of some small-area estimators in forest inventory with two-phase sampling},
  institution =  {Eidgen\"ossische Technische Hochschule Z\"urich, Departement Umweltsystemwissenschaften},
  year =         {2012},
  doi={10.3929/ethz-a-007318974},
  OPTkey =       {},
  OPTtype =      {},
  OPTnumber =    {},
  OPTaddress =   {},
  OPTmonth =     {},
  OPTnote =      {},
  OPTannote =    {}
}
@article{Man13a,
sortkey={Man13a},
author = {Mandallaz, Daniel},
title = {Design-based properties of some small-area estimators in forest inventory with two-phase sampling},
journal = {Canadian Journal of Forest Research},
volume = {43},
number = {5},
pages = {441-449},
year = {2013},
doi = {10.1139/cjfr-2012-0381},
}
@TechReport{Man13b.e,
sortkey={Man13b.e},

  author =       {Mandallaz, Daniel},
  title =        {Regression estimators in forest inventories with two-phase sampling and partially exhaustive information with applications to small-area estimation},
  institution =  {Eidgen\"ossische Technische Hochschule Z\"urich, Departement Umweltsystemwissenschaften},
  year =         {2013},
  doi={10.3929/ethz-a-007623322},
  OPTkey =       {},
  OPTtype =      {},
  OPTnumber =    {},
  OPTaddress =   {},
  OPTmonth =     {},
  OPTnote =      {},
  OPTannote =    {}
}
@article{Man13b,
sortkey={Man13b},
author = {Mandallaz, Daniel and Breschan, Jochen and Hill, Andreas},
title = {New regression estimators in forest inventories with two-phase sampling and partially exhaustive information: a design-based Monte Carlo approach with applications to small-area estimation},
journal = {Canadian Journal of Forest Research},
volume = {43},
number = {11},
pages = {1023-1031},
year = {2013},
doi = {10.1139/cjfr-2013-0181},
}
@TechReport{Man13c.e,
llsortkey={Man13c.e},
  author =       {Mandallaz, Daniel},
  title =        {Regression estimators in forest inventories with three-phase sampling and two multivariate components of auxiliary information},
  institution =  {Eidgen\"ossische Technische Hochschule Z\"urich, Departement Umweltsystemwissenschaften},
  year =         {2013},
  doi={10.3929/ethz-a-009990020},
  OPTkey =       {},
  OPTtype =      {},
  OPTnumber =    {},
  OPTaddress =   {},
  OPTmonth =     {},
  OPTnote =      {},
  OPTannote =    {}
}


@article{Man13c,
sortkey={Man13c},
author = {Mandallaz, Daniel},
title = {A three-phase sampling extension of the generalized regression estimator with partially exhaustive information},
journal = {Canadian Journal of Forest Research},
volume = {early},
number = {online},
pages = {22},
year = {2013},
doi = {10.1139/cjfr-2013-0449},
}

@TechReport{hill2017,
    sortkey={Xhill2017},
  author =       {Hill, Andreas and Massey, Alexander},
  title =        {The R Package forestinventory: Design-Based Global and
Small Area Estimations for Multi-Phase Forest Inventories},
  institution =  {},
  year =         {2017},
  OPTkey =       {},
  OPTtype =      {},
  OPTnumber =    {},
  OPTaddress =   {},
  OPTmonth =     {},
  note =      {Vignette of R package `forestinventory` version 0.3.1},
  OPTannote =    {}
}


